% This file was created with JabRef 2.9.2.
% Encoding: Cp1252

@BOOK{e.r.davies,
  title = {Machine vision : theory, algorithms, practicalities},
  publisher = {Morgan Kaufmann},
  year = {2005},
  editor = {Elsevier},
  author = {E. R. Davies},
  edition = {3rd},
  owner = {moro},
  timestamp = {2013.04.25}
}

